@article{hoek2016resource,
  title={Resource availability modulates the cooperative and competitive nature of a microbial cross-feeding mutualism},
  author={Hoek, Tim A and Axelrod, Kevin and Biancalani, Tommaso and Yurtsev, Eugene A and Liu, Jinghui and Gore, Jeff},
  journal={PLoS biology},
  volume={14},
  number={8},
  pages={e1002540},
  year={2016},
  publisher={Public Library of Science}
}
@article{campbell2015self,
  title={Self-establishing communities enable cooperative metabolite exchange in a eukaryote},
  author={Campbell, Kate and Vowinckel, Jakob and M{\"u}lleder, Michael and Malmsheimer, Silke and Lawrence, Nicola and Calvani, Enrica and Miller-Fleming, Leonor and Alam, Mohammad T and Christen, Stefan and Keller, Markus A and others},
  journal={Elife},
  volume={4},
  year={2015},
  publisher={eLife Sciences Publications, Ltd}
}
@article{stewart2012growing,
  title={Growing unculturable bacteria},
  author={Stewart, Eric J},
  journal={Journal of bacteriology},
  volume={194},
  number={16},
  pages={4151--4160},
  year={2012},
  publisher={Am Soc Microbiol}
}
@article{mcnally2017metabolic,
  title={Metabolic Model-Based Analysis of the Emergence of Bacterial Cross-Feeding through Extensive Gene Loss},
  author={McNally, Colin P and Borenstein, Elhanan},
  journal={bioRxiv},
  pages={180208},
  year={2017},
  publisher={Cold Spring Harbor Laboratory}
}
@article{press2016evolutionary,
  title={Evolutionary assembly patterns of prokaryotic genomes},
  author={Press, Maximilian O and Queitsch, Christine and Borenstein, Elhanan},
  journal={Genome research},
  volume={26},
  number={6},
  pages={826--833},
  year={2016},
  publisher={Cold Spring Harbor Lab}
}
@article{zomorrodi2017genome,
  title={Genome-driven evolutionary game theory helps understand the rise of metabolic interdependencies in microbial communities},
  author={Zomorrodi, Ali R and Segr{\`e}, Daniel},
  journal={Nature Communications},
  volume={8},
  number={1},
  pages={1563},
  year={2017},
  publisher={Nature Publishing Group}
}
@article{d2015plasticity,
  title={Plasticity and epistasis strongly affect bacterial fitness after losing multiple metabolic genes},
  author={D'Souza, Glen and Waschina, Silvio and Kaleta, Christoph and Kost, Christian},
  journal={Evolution},
  volume={69},
  number={5},
  pages={1244--1254},
  year={2015},
  publisher={Wiley Online Library}
}
@article{d2014less,
  title={Less is more: selective advantages can explain the prevalent loss of biosynthetic genes in bacteria},
  author={D'Souza, Glen and Waschina, Silvio and Pande, Samay and Bohl, Katrin and Kaleta, Christoph and Kost, Christian},
  journal={Evolution},
  volume={68},
  number={9},
  pages={2559--2570},
  year={2014},
  publisher={Wiley Online Library}
}
@article{bolotin2016bacterial,
  title={Bacterial intra-species gene loss occurs in a largely clocklike manner mostly within a pool of less conserved and constrained genes},
  author={Bolotin, Evgeni and Hershberg, Ruth},
  journal={Scientific reports},
  volume={6},
  pages={35168},
  year={2016},
  publisher={Nature Publishing Group}
}
@article{mas2016beyond,
  title={Beyond the black queen hypothesis},
  author={Mas, Alix and Jamshidi, Shahrad and Lagadeuc, Yvan and Eveillard, Damien and Vandenkoornhuyse, Philippe},
  journal={The ISME journal},
  volume={10},
  number={9},
  pages={2085},
  year={2016},
  publisher={Nature Publishing Group}
}
@article{morris2012black,
  title={The Black Queen Hypothesis: evolution of dependencies through adaptive gene loss},
  author={Morris, J Jeffrey and Lenski, Richard E and Zinser, Erik R},
  journal={MBio},
  volume={3},
  number={2},
  pages={e00036--12},
  year={2012},
  publisher={Am Soc Microbiol}
}
@article{giovannoni2014implications,
  title={Implications of streamlining theory for microbial ecology},
  author={Giovannoni, Stephen J and Thrash, J Cameron and Temperton, Ben},
  journal={The ISME journal},
  volume={8},
  number={8},
  pages={1553},
  year={2014},
  publisher={Nature Publishing Group}
}
@article{pande2014fitness,
  title={Fitness and stability of obligate cross-feeding interactions that emerge upon gene loss in bacteria},
  author={Pande, Samay and Merker, Holger and Bohl, Katrin and Reichelt, Michael and Schuster, Stefan and De Figueiredo, Lu{\'\i}s F and Kaleta, Christoph and Kost, Christian},
  journal={The ISME journal},
  volume={8},
  number={5},
  pages={953},
  year={2014},
  publisher={Nature Publishing Group}
}
@article{pande2017bacterial,
  title={Bacterial unculturability and the formation of intercellular metabolic networks},
  author={Pande, Samay and Kost, Christian},
  journal={Trends in microbiology},
  volume={25},
  number={5},
  pages={349--361},
  year={2017},
  publisher={Elsevier}
}
@article{fullmer2015pan,
  title={The pan-genome as a shared genomic resource: mutual cheating, cooperation and the black queen hypothesis},
  author={Fullmer, Matthew S and Soucy, Shannon Margaret and Gogarten, Johann Peter},
  journal={Frontiers in microbiology},
  volume={6},
  pages={728},
  year={2015},
  publisher={Frontiers}
}
@article{mccutcheon2012extreme,
  title={Extreme genome reduction in symbiotic bacteria},
  author={McCutcheon, John P and Moran, Nancy A},
  journal={Nature Reviews Microbiology},
  volume={10},
  number={1},
  pages={13},
  year={2012},
  publisher={Nature Publishing Group}
}
@article{pal2006chance,
  title={Chance and necessity in the evolution of minimal metabolic networks},
  author={P{\'a}l, Csaba and Papp, Bal{\'a}zs and Lercher, Martin J and Csermely, P{\'e}ter and Oliver, Stephen G and Hurst, Laurence D},
  journal={Nature},
  volume={440},
  number={7084},
  pages={667},
  year={2006},
  publisher={Nature Publishing Group}
}
@article{moran2014tiniest,
  title={The tiniest tiny genomes},
  author={Moran, Nancy A and Bennett, Gordon M},
  journal={Annual review of microbiology},
  volume={68},
  pages={195--215},
  year={2014},
  publisher={Annual Reviews}
}
@article{koskiniemi2012selection,
  title={Selection-driven gene loss in bacteria},
  author={Koskiniemi, Sanna and Sun, Song and Berg, Otto G and Andersson, Dan I},
  journal={PLoS genetics},
  volume={8},
  number={6},
  pages={e1002787},
  year={2012},
  publisher={Public Library of Science}
}
@article{wolf2013genome,
  title={Genome reduction as the dominant mode of evolution},
  author={Wolf, Yuri I and Koonin, Eugene V},
  journal={Bioessays},
  volume={35},
  number={9},
  pages={829--837},
  year={2013},
  publisher={Wiley Online Library}
}